<?xml version="1.0" encoding="UTF-8"?><collection xmlns="http://www.loc.gov/MARC21/slim"><record><leader>00526nam--2200181-i-4500</leader><controlfield tag="001">000001796</controlfield><controlfield tag="002">20161230</controlfield><controlfield tag="005">20161230201024</controlfield><controlfield tag="008">060222s1000------------r-----000-0-eng-d</controlfield><datafield ind1=" " ind2=" " tag="040"><subfield code="a">IFIN-HH</subfield></datafield><datafield ind1=" " ind2=" " tag="080"><subfield code="a">539.12.01</subfield></datafield><datafield ind1="1" ind2=" " tag="100"><subfield code="a">Donini, E</subfield></datafield><datafield ind1="1" ind2="0" tag="245"><subfield code="a">General properties of multi-particle amplitude in dual resonance models</subfield><subfield code="c">E. donini, s. sciuto</subfield></datafield><datafield ind1=" " ind2=" " tag="260"><subfield code="a">Torino</subfield><subfield code="b">Instituto Di Fisica Dell Universita</subfield><subfield code="c">1969</subfield></datafield><datafield ind1=" " ind2=" " tag="300"><subfield code="a">36 P. + 12 FIG</subfield></datafield><datafield ind1="1" ind2=" " tag="700"><subfield code="a">Sciuto, S</subfield></datafield><datafield ind1=" " ind2=" " tag="852"><subfield code="a">31558</subfield><subfield code="c">539.12</subfield></datafield><datafield ind1=" " ind2=" " tag="CAT"><subfield code="a">Sys</subfield><subfield code="c">20111118</subfield><subfield code="h">120416</subfield></datafield></record></collection>